<collection xmlns="http://www.loc.gov/MARC21/slim"><record><leader>00664nam  2200205   450</leader><controlfield tag="001">755</controlfield><controlfield tag="003">http://montalegre.opacnet.com/OPAC/default.aspx?ContentAreaControl=ShowRegHoldings.ascx&amp;RegNo=16662</controlfield><datafield tag="095" ind1=" " ind2=" "><subfield code="a">PTBN00275853</subfield></datafield><datafield tag="100" ind1=" " ind2=" "><subfield code="a">19931130d1973    m  y0pory010305  ba</subfield></datafield><datafield tag="101" ind1="1" ind2=" "><subfield code="a">por</subfield><subfield code="c">ger</subfield></datafield><datafield tag="102" ind1=" " ind2=" "><subfield code="a">PT</subfield></datafield><datafield tag="200" ind1="1" ind2=" "><subfield code="a">A cavalo dado...</subfield><subfield code="f">Hildegard Knef</subfield><subfield code="g">trad. Isabel Cardigos dos Reis</subfield></datafield><datafield tag="210" ind1=" " ind2=" "><subfield code="a">Amadora</subfield><subfield code="c">Bertrand</subfield><subfield code="d">1973</subfield></datafield><datafield tag="215" ind1=" " ind2=" "><subfield code="a">487 p.</subfield><subfield code="d">20 cm</subfield></datafield><datafield tag="225" ind1="2" ind2=" "><subfield code="a">Autores universais</subfield><subfield code="h">Série monumental</subfield></datafield><datafield tag="304" ind1=" " ind2=" "><subfield code="a">Tít. orig.: Der geschenkte Gaul</subfield></datafield><datafield tag="675" ind1=" " ind2=" "><subfield code="a">821</subfield><subfield code="v">BN</subfield><subfield code="z">por</subfield></datafield><datafield tag="700" ind1=" " ind2="1"><subfield code="a">Knef</subfield><subfield code="b">Hildegard</subfield></datafield><datafield tag="702" ind1=" " ind2="1"><subfield code="a">Reis</subfield><subfield code="b">Cardigos dos</subfield><subfield code="f">?-1989</subfield><subfield code="4">730</subfield></datafield><datafield tag="801" ind1=" " ind2="0"><subfield code="a">PT</subfield><subfield code="b">Biblioteca Municipal de Montalegre</subfield><subfield code="g">RPC</subfield></datafield><datafield tag="909" ind1="&#9;" ind2=" "><subfield code="a">1</subfield></datafield><datafield tag="966" ind1=" " ind2=" "><subfield code="a">0008707</subfield><subfield code="l">BMM</subfield><subfield code="s">SCG 821 KNE cav</subfield></datafield></record></collection>